@Article{Cortes1995,
author="Cortes, Corinna
and Vapnik, Vladimir",
title="Support-vector networks",
journal="Machine Learning",
year="1995",
month="Sep",
day="01",
volume="20",
number="3"
}

@inproceedings{chen2016xgboost,
  title={Xgboost: A scalable tree boosting system},
  author={Chen, Tianqi and Guestrin, Carlos},
  booktitle={Proceedings of the 22nd acm sigkdd international conference on knowledge discovery and data mining},
  pages={785--794},
  year={2016},
  organization={ACM}
}

@inproceedings{le2014distributed,
  title={Distributed representations of sentences and documents},
  author={Le, Quoc and Mikolov, Tomas},
  booktitle={International Conference on Machine Learning},
  pages={1188--1196},
  year={2014}
}

@inproceedings{mikolov2013distributed,
  title={Distributed representations of words and phrases and their compositionality},
  author={Mikolov, Tomas and Sutskever, Ilya and Chen, Kai and Corrado, Greg S and Dean, Jeff},
  booktitle={Advances in neural information processing systems},
  pages={3111--3119},
  year={2013}
}

@inproceedings{kernighan1990spelling,
  title={A spelling correction program based on a noisy channel model},
  author={Kernighan, Mark D and Church, Kenneth W and Gale, William A},
  booktitle={Proceedings of the 13th conference on Computational linguistics-Volume 2},
  pages={205--210},
  year={1990},
  organization={Association for Computational Linguistics}
}
